@misc{Elixirpr12:online,
author = {},
title = {Elixir (programming language) - Wikipedia},
howpublished = {\url{https://en.wikipedia.org/wiki/Elixir_(programming_language)}},
month = {},
year = {},
}

% wiki OTP
@misc{OpenTele88:online,
author = {},
title = {Open Telecom Platform - Wikipedia},
howpublished = {\url{https://en.wikipedia.org/wiki/Open_Telecom_Platform}},
month = {},
year = {},
}

% sito elixir
@misc{TheElixi72:online,
  author = {},
  title = {The Elixir programming language},
  howpublished = {\url{https://elixir-lang.org/}},
  month = {},
  year = {},
}

@misc{Hex63:online,
author = {},
title = {Hex},
howpublished = {\url{https://hex.pm/}},
month = {},
year = {},
}

@misc{Lambdaca75:online,
author = {},
title = {Lambda calcolo - Wikipedia},
howpublished = {\url{https://it.wikipedia.org/wiki/Lambda_calcolo}},
month = {},
year = {},
note = {(Accessed on 03/18/2024)}
}